% This file was created with JabRef 2.7.2.
% Encoding: MacRoman


@inproceedings{certiCrypt,
  author    = {Gilles Barthe and Benjamin Gr{\'e}goire and Santiago {Zanella B{\'e}guelin}},
  title     = {Formal Certification of Code-Based Cryptographic Proofs},
  booktitle = {36th ACM SIGPLAN-SIGACT Symposium on Principles of Programming Languages,
               POPL 2009},
  year      = {2009},
  pages     = {90--101},
  publisher = {ACM},
  url       = {http://dx.doi.org/10.1145/1480881.1480894}
}

@misc{GameB_1,
  author       = {Mihir Bellare and Phillip Rogaway},
  title        = {Code-Based Game-Playing Proofs and the Security of Triple Encryption},
  howpublished = {Cryptology ePrint Archive, Report 2004/331},
  year         = {2004},
  note         = {\url{http://eprint.iacr.org/}}
}

@misc{proVerif,
  author       = {Bruno Blanchet},
  title        = {{Proverif: Cryptographic protocol verifier in the formal model}},
  howpublished = {\url{http://www.proverif.ens.fr/}},
  timestamp    = {2012.05.15}
}

@misc{kamm12,
  author       = {Liina Kamm},
  title        = {{ProveIt -- How to make proving cryptographic protocols less tedious}},
  howpublished = {Talk at the 21st Estonian Computer Science Theory Days at Kubija},
  month        = {January},
  year         = {2012},
  file         = {:/Users/tiina/Desktop/Thesis/Documents/papers/2012-05-tiina-bachelors-thesis/References/kamm-slides.pdf:PDF},
  timestamp    = {2012.04.27},
  url          = {http://www.cs.ut.ee/~varmo/tday-kubija/kamm-slides.pdf}
}


@misc{GameB_2,
  author       = {Victor Shoup},
  title        = {Sequences of games: a tool for taming complexity in security proofs},
  howpublished = {Cryptology ePrint Archive, Report 2004/332},
  year         = {2004},
  note         = {\url{http://eprint.iacr.org/}}
}

@comment{jabref-meta: selector_review:}

@comment{jabref-meta: selector_publisher:}

@comment{jabref-meta: selector_author:}

@comment{jabref-meta: selector_journal:}

@comment{jabref-meta: selector_keywords:}

@article{ozimek2020future,
  title   = {The future of remote work},
  author  = {Ozimek, Adam},
  journal = {Available at SSRN 3638597},
  year    = {2020}
}

@misc{ielts-howtoregister,
  author       = {British Council},
  title        = {{IELTS} - How to register},
  howpublished = {\url{https://www.ielts.org/for-test-takers/how-to-register}},
  year         = {2022},
  note         = {Online; accessed 26-Feb-2022}
}

@article{eulaw-eidas,
  author  = {THE EUROPEAN PARLIAMENT AND THE COUNCIL OF THE EUROPEAN UNION},
  journal = {Official Journal of the European Union},
  title   = {{Regulation (EU) No 910/2014 of the European Parliament and of the Council of 23 July 2014 on electronic identification and trust services for electronic transactions in the internal market and repealing Directive 1999/93/EC}},
  volume  = {L 257/73},
  year    = {2014}
}

@article{eulaw-eidas-notified,
  author  = {European Comission},
  journal = {Official Journal of the European Union},
  title   = {{Electronic identification schemes notified pursuant to Article 9(1) of Regulation (EU) No 910/2014 of the European Parliament and of the Council on electronic identification and trust services for electronic transactions in the internal market}},
  volume  = {C 432/7},
  year    = {2020}
}

@article{eelaw-idcard,
  author = {Riigikogu},
  title  = {Identity Documents Act},
  year   = {2021}
}

@article{eu-desi,
  author = {European Comission},
  title  = {Digital Economy and Society Index (DESI) 2021},
  year   = {2021}
}

@article{carretero2018federated,
  title     = {Federated identity architecture of the European eID system},
  author    = {Carretero, Jesus and Izquierdo-Moreno, Guillermo and Vasile-Cabezas, Mario and Garcia-Blas, Javier},
  journal   = {IEEE Access},
  volume    = {6},
  pages     = {75302--75326},
  year      = {2018},
  publisher = {IEEE}
}

@misc{tara,
  author       = {Estonian Information System Authority},
  title        = {The Information System Authority's authentication service {TARA}},
  howpublished = {\url{https://www.ria.ee/en/state-information-system/eid/partners.html}},
  year         = {2022},
  note         = {Online; accessed 27-Feb-2022}
}

@misc{tara-business,
  author       = {Estonian Information System Authority},
  title        = {{TARA} Business Description},
  howpublished = {\url{https://e-gov.github.io/TARA-Doku/Arikirjeldus}},
  year         = {2021},
  note         = {Online; accessed 21-Nov-2021}
}

@misc{tara-technical,
  author       = {Estonian Information System Authority},
  title        = {{TARA} Technical specification},
  howpublished = {\url{https://e-gov.github.io/TARA-Doku/TechnicalSpecification}},
  year         = {2021},
  note         = {Online; accessed 21-Nov-2021}
}

@misc{romania-adopts-eid,
  author       = {Răzvan Dan},
  title        = {Cât plătesc oamenii pentru buletinul cu cip care a început să fie eliberat deja populației},
  howpublished = {\url{https://stirileprotv.ro/stiri/actualitate/buletinul-cu-cip-eliberat-deja-in-cluj-napoca-oamenii-platesc-70-de-lei-pentru-el.html}},
  year         = {2021},
  note         = {Online; accessed 27-Feb-2022}
}

@misc{eidasnode-lt,
  author       = {Informacinės visuomenės plėtros komitetas},
  title        = {E-Government Gateway},
  howpublished = {\url{https://www.epaslaugos.lt/portal/nlogin}},
  year         = {2022},
  note         = {Online; accessed 27-Feb-2022}
}

@misc{ut-eidinestonia,
  author       = {Applied CyberSecurity Group},
  howpublished = {\url{https://acs.cs.ut.ee/services_using_eid}},
  title        = {Estonian e-services using eID},
  year         = {2021},
  note         = {Online; accessed 21-Nov-2021}
}

@misc{ria-deprecates-bank-link,
  author       = {Estonian Information System Authority},
  title        = {As of 1 March, it will no longer be possible to access certain public e-services via a bank link},
  howpublished = {\url{https://www.ria.ee/en/news/1-march-it-will-no-longer-be-possible-access-certain-public-e-services-bank-link.html}},
  year         = {2021},
  note         = {Online; accessed 27-Feb-2022}
}

@misc{ria-idee,
  author       = {Estonian Information System Authority},
  title        = {Home - ID.ee},
  howpublished = {\url{https://www.id.ee/en/}},
  year         = {2021},
  note         = {Online; accessed 20-Nov-2021}
}

@misc{eeid,
  author       = {Estonian Internet Foundation},
  howpublished = {\url{https://www.internet.ee/eeid-service}},
  title        = {eeID service},
  year         = {2021},
  note         = {Online; accessed 28-Feb-2022}
}

@misc{eeid-pricing,
  author       = {Estonian Internet Foundation},
  howpublished = {\url{https://meedia.internet.ee/files/Pricing_eeID.pdf}},
  title        = {SUBSCRIPTION AGREEMENT AND TERMS OF USE OF THE ESTONIAN INTERNET FOUNDATION ELECTRONIC IDENTIFICATION SERVICE},
  year         = {2021},
  note         = {Online; accessed 28-Feb-2022}
}

@book{kerem2003internet,
  title     = {Internet banking in Estonia},
  author    = {Kerem, Katri},
  volume    = {7},
  year      = {2003},
  publisher = {PRAXIS}
}

@misc{sebbanklink,
  author       = {AS SEB Pank},
  title        = {Bank Link and Authentication service},
  howpublished = {\url{https://www.seb.ee/en/bank-link}},
  year         = {2021},
  note         = {Online; accessed 21-Nov-2021}
}

@mastersthesis{banklinksecurityanalysis,
  author = {Arnis Paršsovs},
  school = {Tallinn University of Technology},
  title  = {Security Analysis of Internet Bank Authentication Protocols and their Implementations},
  year   = {2012}
}

@misc{statee-population,
  author       = {Statistics Estonia},
  howpublished = {\url{https://www.stat.ee/en/avasta-statistikat/valdkonnad/rahvastik/population-figure}},
  title        = {Population figure},
  year         = {2021},
  note         = {Online; accessed 20-Nov-2021}
}

@misc{rfc6960,
  series       = {Request for Comments},
  number       = 6960,
  howpublished = {RFC 6960},
  publisher    = {RFC Editor},
  doi          = {10.17487/RFC6960},
  url          = {https://www.rfc-editor.org/info/rfc6960},
  author       = {Stefan Santesson and Michael Myers and Rich Ankney and Ambarish Malpani and Slava Galperin and Dr. Carlisle Adams},
  title        = {{X.509 Internet Public Key Infrastructure Online Certificate Status Protocol - OCSP}},
  pagetotal    = 41,
  year         = 2013,
  month        = jun,
  abstract     = {This document specifies a protocol useful in determining the current status of a digital certificate without requiring Certificate Revocation Lists (CRLs). Additional mechanisms addressing PKIX operational requirements are specified in separate documents. This document obsoletes RFCs 2560 and 6277. It also updates RFC 5912.}
}

@misc{rfc8446,
  series       = {Request for Comments},
  number       = 8446,
  howpublished = {RFC 8446},
  publisher    = {RFC Editor},
  doi          = {10.17487/RFC8446},
  url          = {https://www.rfc-editor.org/info/rfc8446},
  author       = {Eric Rescorla},
  title        = {{The Transport Layer Security (TLS) Protocol Version 1.3}},
  pagetotal    = 160,
  year         = 2018,
  month        = aug,
  abstract     = {This document specifies version 1.3 of the Transport Layer Security (TLS) protocol. TLS allows client/server applications to communicate over the Internet in a way that is designed to prevent eavesdropping, tampering, and message forgery. This document updates RFCs 5705 and 6066, and obsoletes RFCs 5077, 5246, and 6961. This document also specifies new requirements for TLS 1.2 implementations.}
}

@misc{ria-webeid,
  author       = {Estonian Information System Authority},
  howpublished = {\url{https://www.id.ee/en/article/web-eid/}},
  title        = {Web eID},
  year         = {2022},
  note         = {Online; accessed 28-Feb-2022}
}

@misc{eu-trustservices,
  author       = {European Commission},
  howpublished = {\url{https://esignature.ec.europa.eu/efda/tl-browser/#/screen/search/type/3?searchCriteria=eyJjb3VudHJpZXMiOlsiRUUiLCJMVCJdLCJxU2VydmljZVR5cGVzIjpbIlFDZXJ0RVNpZyIsIlFDZXJ0RVNlYWwiLCJRV0FDIiwiUVZhbFFFU2lnIiwiUVByZXNRRVNpZyIsIlFWYWxRRVNlYWwiLCJRUHJlc1FFU2VhbCIsIlFUaW1lc3RhbXAiLCJRZVJEUyIsIkNlcnRFU2lnIiwiQ2VydEVTZWFsIiwiV0FDIiwiVmFsRVNpZyIsIk}},
  title        = {Trust service providers},
  year         = {2022},
  note         = {Online; accessed 28-Feb-2022}
}

@misc{sk-history2007,
  author       = {SK ID Solutions},
  howpublished = {\url{https://www.skidsolutions.eu/en/about/history/year-2007/}},
  title        = {History - 2007},
  year         = {2007},
  note         = {Online; accessed 21-Nov-2021}
}

@misc{sk-history2017,
  author       = {SK ID Solutions},
  howpublished = {\url{https://www.skidsolutions.eu/en/about/history/year-2017/}},
  title        = {History - 2017},
  year         = {2017},
  note         = {Online; accessed 21-Nov-2021}
}

@misc{sk-mobileidpricing,
  author       = {SK ID Solutions},
  howpublished = {\url{https://www.skidsolutions.eu/en/services/pricelist/mobile-id-service}},
  title        = {Price List of {Mobile-ID} Service},
  year         = {2021},
  note         = {Online; accessed 21-Nov-2021}
}

@misc{sk-smartidpricing,
  author       = {SK ID Solutions},
  howpublished = {\url{https://www.skidsolutions.eu/en/services/pricelist/smart-id/}},
  title        = {Price List of {Smart-ID} Service},
  year         = {2021},
  note         = {Online; accessed 21-Nov-2021}
}

@misc{telia-mobileid,
  author       = {Telia},
  howpublished = {\url{https://www.telia.ee/era/lisateenused/mobiil-id/}},
  title        = {{Mobiil-ID}},
  year         = {2022},
  note         = {Online; accessed 28-Feb-2022}
}

@misc{smartid-docs,
  author       = {SK ID Solutions},
  howpublished = {\url{https://github.com/SK-EID/smart-id-documentation}},
  title        = {{Smart-ID} Documentation},
  year         = {2021},
  note         = {Online; accessed 10-Feb-2022}
}

@misc{smartid-qscd,
  author       = {SK ID Solutions},
  howpublished = {\url{https://www.smart-id.com/e-service-providers/smart-id-as-a-qscd/}},
  title        = {Digital signatures with {Smart-ID}},
  year         = {2018},
  note         = {Online; accessed 28-Feb-2022}
}

@techreport{enisa-eidasreq,
  author      = {Sylvie Lacroix and Olivier Delos and Evgenia Nikolouzou (ENISA) and Slawomir Gorniak (ENISA)},
  institution = {European Union Agency For Network and Information Security},
  title       = {{Assessment of Standards related to eIDAS}},
  year        = {2018}
}

@article{oidc,
  author          = {Natsuhiko Sakimura and John Bradley and Mike Jones and Breno De Medeiros and Chuck Mortimore},
  journal         = {The OpenID Foundation},
  number          = {},
  title           = {OpenID Connect Core 1.0},
  volume          = {},
  year            = {2014}
}

@misc{harid,
  author       = {Estonian Ministry of Education and Research},
  howpublished = {\url{https://harid.ee/et/users/sign_in}},
  title        = {{HarID}},
  year         = {2022},
  note         = {Online; accessed 28-Feb-2022}
}


@misc{dokobit,
  author       = {Dokobit},
  howpublished = {\url{https://www.dokobit.com/solutions}},
  title        = {Electronic signature {API} solutions},
  year         = {2022},
  note         = {Online; accessed 28-Feb-2022}
}

@misc{dokobit-pricing,
  author       = {Dokobit},
  howpublished = {\url{https://www.dokobit.com/docs/pricing/Dokobit-authentication-solutions-pricing.pdf}},
  title        = {Dokobit authentication solutions pricing},
  year         = {2022},
  note         = {Online; accessed 28-Feb-2022}
}